<record><leader>00000cas a2200000 a 4500</leader><controlfield tag="001">11942167</controlfield><controlfield tag="008">850419d18831887ksuwr ne      0    0eng d</controlfield><datafield ind1=" " ind2=" " tag="010"><subfield code="a">sn 85030247 </subfield></datafield><datafield ind1=" " ind2=" " tag="040"><subfield code="a">KSH</subfield><subfield code="b">eng</subfield><subfield code="c">KSH</subfield><subfield code="d">NPT</subfield><subfield code="d">OCL</subfield><subfield code="d">OCLCQ</subfield></datafield><datafield ind1=" " ind2=" " tag="042"><subfield code="a">msc</subfield></datafield><datafield ind1="0" ind2="4" tag="245"><subfield code="a">The Hartford weekly call.</subfield></datafield><datafield ind1=" " ind2=" " tag="260"><subfield code="a">Hartford, Kan. :</subfield><subfield code="b">Bixlear &amp; Lanphear,</subfield><subfield code="c">1883-1887.</subfield></datafield><datafield ind1=" " ind2=" " tag="300"><subfield code="a">5 v. :</subfield><subfield code="b">ill. ;</subfield><subfield code="c">64 cm.</subfield></datafield><datafield ind1=" " ind2=" " tag="310"><subfield code="a">Weekly</subfield></datafield><datafield ind1="0" ind2=" " tag="362"><subfield code="a">Vol. 5, no. 5 (Nov. 9, 1883)-v. 9, no. 10 (Dec. 9, 1887).</subfield></datafield><datafield ind1=" " ind2=" " tag="500"><subfield code="a">Publisher varies.</subfield></datafield><datafield ind1=" " ind2=" " tag="752"><subfield code="a">United States</subfield><subfield code="b">Kansas</subfield><subfield code="c">Lyon</subfield><subfield code="d">Hartford.</subfield></datafield><datafield ind1="0" ind2="0" tag="780"><subfield code="t">Hartford call (Hartford, Kan. : 1879)</subfield><subfield code="w">(DLC)sn 85030246</subfield></datafield><datafield ind1="0" ind2="0" tag="785"><subfield code="t">Hartford call (Hartford, Kan. : 1887)</subfield><subfield code="w">(DLC)sn 85030248</subfield></datafield></record>